@article{saad1997analysis,
  title={Analysis of augmented Krylov subspace methods},
  author={Saad, Yousef},
  journal={SIAM Journal on Matrix Analysis and Applications},
  volume={18},
  number={2},
  pages={435--449},
  year={1997},
  publisher={SIAM}
}

@book{trefethen2022numerical,
  title={Numerical linear algebra},
  author={Trefethen, Lloyd N and Bau, David},
  year={2022},
  publisher={SIAM}
}